<?xml version="1.0" encoding="UTF-8"?><collection xmlns="http://www.loc.gov/MARC21/slim"><record><leader>00540nam--2200193-u-4500</leader><controlfield tag="001">000053228</controlfield><controlfield tag="002">20161230</controlfield><controlfield tag="005">20161230201051</controlfield><controlfield tag="008">110112s1000------------r-----000-0-rum-d</controlfield><datafield ind1=" " ind2=" " tag="040"><subfield code="a">IFIN-HH</subfield></datafield><datafield ind1=" " ind2=" " tag="041"><subfield code="a">rum</subfield></datafield><datafield ind1=" " ind2=" " tag="080"><subfield code="a">539.2</subfield></datafield><datafield ind1="1" ind2=" " tag="100"><subfield code="a">Amarande, Luminita</subfield></datafield><datafield ind1="1" ind2="0" tag="245"><subfield code="a">Materiale feroelectrice oxidice cu structura de pervskit</subfield><subfield code="b">Teza</subfield><subfield code="c">Luminita amarande</subfield></datafield><datafield ind1=" " ind2=" " tag="260"><subfield code="a">Bucuresti</subfield><subfield code="b">Ifa</subfield><subfield code="c">2002</subfield></datafield><datafield ind1=" " ind2=" " tag="300"><subfield code="a">PAG. DIF</subfield></datafield><datafield ind1=" " ind2=" " tag="502"><subfield code="a">Conducator Stiintific: Dr. Constantin Tanasoiu</subfield></datafield><datafield ind1=" " ind2=" " tag="852"><subfield code="a">81321</subfield><subfield code="c">539.2</subfield></datafield><datafield ind1=" " ind2=" " tag="CAT"><subfield code="a">Sys</subfield><subfield code="c">20110112</subfield><subfield code="h">160530</subfield></datafield></record></collection>